@MASTERSTHESIS{Lourenco:Dissertacao,
  AUTHOR =       {Lourenço Piuma Soares},
  TITLE =        {Cultura organizacional e adoção de práticas ágeis : uma análise exploratória},
  SCHOOL =       {Universidade Federal do Rio Grande do Sul. Escola de Administração. Programa de Pós-Graduação em Administração.},
  YEAR =         {2011},
  type =         {Dissertação de Mestrado},
  address =      {http://hdl.handle.net/10183/31950},
  month =        {}
}

@book{MaryTomPoppendieck,
  title={Lean software development: an agile toolkit},
  author={M. Poppendieck and T. Poppendieck.},
  year={2003},
  publisher={Addison-Wesley Professional}
}

@book{Schwaber,
  title={Agile project management with Scrum},
  author={K. Schwaber},
  year={2004},
  publisher={Microsoft Press}
}

@book{BeckFowler,
  title={Planning extreme programming},
  author={K. Beck and M. Fowler},
  year={2001},
  publisher={Addison-Wesley Professional}
}

@book{Rasmusson,
  title={The Agile samurai: how agile masters deliver great software},
  author={J. Rasmusson},
  year={2010},
  publisher={Pragmatic Bookshelf}
}

@ONLINE{EstudoCasoSERPRO,
	author = {Silva, Edvanessa Florêncio e},
	title = {Estudo de caso: a mudança organizacional no SERPRO provocada pela implantação do Método Ágil},
	year = {2014},
	url = {http://hdl.handle.net/10183/127444}
}

@ONLINE{MitigacaoDificuldadesSERPRO,
	author = {Agostinho, Mauro Cabral},
	title = {Mitigação de dificuldades na implantação de métodos ágeis de desenvolvimento de software no SERPRO},
	year = {2015},
	url = {http://hdl.handle.net/10183/127316}
}

@inproceedings{melo2010adoccao,
  title={Ado{\c{c}}{\~a}o de m{\'e}todos {\'a}geis em uma Institui{\c{c}}{\~a}o P{\'u}blica de grande porte-um estudo de caso},
  author={Melo, Claudia de O and Ferreira, Gisele RM},
  booktitle={Workshop Brasileiro de M{\'e}todos {\'A}geis (Agile Brasil 2010). Centro de Eventos da PUCRS (CEPUC), Porto Alegre},
  year={2010}
}

@article{mauricio2016utilizaccao,
  title={Utiliza{\c{c}}{\~a}o de M{\'e}todos {\'A}geis por equipes de desenvolvimento de software em universidades p{\'u}blicas brasileiras},
  author={Mauricio, Gustavo Carvalho and de Almeida Neris, V{\^a}nia Paula},
  journal={Revista TIS},
  volume={4},
  number={3},
  year={2016}
}

@inproceedings{kreitz2010spotify,
  title={Spotify--large scale, low latency, P2P music-on-demand streaming},
  author={Kreitz, Gunnar and Niemela, Fredrik},
  booktitle={Peer-to-Peer Computing (P2P), 2010 IEEE Tenth International Conference on},
  pages={1--10},
  year={2010},
  organization={IEEE}
}

@inproceedings{zhang2013understanding,
  title={Understanding user behavior in spotify},
  author={Zhang, Boxun and Kreitz, Gunnar and Isaksson, Marcus and Ubillos, Javier and Urdaneta, Guido and Pouwelse, Johan A and Epema, Dick},
  booktitle={INFOCOM, 2013 Proceedings IEEE},
  pages={220--224},
  year={2013},
  organization={IEEE}
}

@inproceedings{goldmann2011measurements,
  title={Measurements on the spotify peer-assisted music-on-demand streaming system},
  author={Goldmann, Mikael and Kreitz, Gunnar},
  booktitle={Peer-to-Peer Computing (P2P), 2011 IEEE International Conference on},
  pages={206--211},
  year={2011},
  organization={IEEE}
}

----------------
@inproceedings{orengo_stemming,
	title = {A stemming algorithm for the portuguese language},
	booktitle = {Symposium on String Processing and Information Retrieval},
	author = {Orengo, V.M. and Huyck, C.},
    year = {2001},
	pages = {186-193}
}

@article{Miller:Wordnet,
 author = {Miller, George A.},
 title = {WordNet: a lexical database for English},
 journal = {Commun. ACM},
 volume = {38},
 issue = {11},
 month = {November},
 year = {1995},
 pages = {39-41}
}

@manual{Beale:matlab,
    author = {Mark Hudson Beale, Martin T. Hagan and Howard B. Demuth},
    title = {Matlab Neural Network Toolbox 7 User's Guide},
    year = {2011}
}